@INPROCEEDINGS{ref:echoflex17,
  author = {McIntosh, Jess and Marzo, Asier and Fraser, Mike and Philips, Carol},
  title = {EchoFlex: Hand Gesture Recognition using Ultrasound Imaging},
  booktitle = {Proc. of the 2017 CHI Conference on Human Factors in Computing Systems},
  pages = {1923-1934},
  month = {May},
  year = {2017}
}

@article{ref:hgr22,
  author = {Jhaung, Yu-Chiao and Lin, Yu-Ming and Zha, Chiao and Leu, Jeng-Shiou and Koppen, Mario},
  title = {Implementing a Hand Gesture Recognition System Based on Range-Doppler Map},
  journal = {Sensors},
  volume = {22},
  number = {11},
  month = {June},
  year = {2022}
}


@misc{ref:bec,
author = {Brick Experiment Channel},
title = {RC Submarine 4.0 (Blog)},
howpublished = "\url{https://brickexperimentchannel.wordpress.com/rc-submarine-4-0-blog-post-series/}",
year = {2022}
}

@misc{ref:becv,
author = {Brick Experiment Channel},
title = {RC Submarine 4.0 (Video)},
howpublished = "\url{https://www.youtube.com/watch?v=KLEH8RJsYgI}",
year = {2022}
}

@article{
    doi:10.1126/scirobotics.abm6074,
    author = {Steven Macenski  and Tully Foote  and Brian Gerkey  and Chris Lalancette  and William Woodall },
    title = {Robot Operating System 2: Design, architecture, and uses in the wild},
    journal = {Science Robotics},
    volume = {7},
    number = {66},
    pages = {eabm6074},
    year = {2022},
    doi = {10.1126/scirobotics.abm6074},
    URL = {https://www.science.org/doi/abs/10.1126/scirobotics.abm6074}
}


@book{latex2e,
  author = {Leslie Lamport},
  year = {1994},
  title = {{\LaTeX}: a Document Preparation System},
  publisher = {Addison Wesley},
  address = {Massachusetts},
  edition = {2}
}
